<record><leader>00000cas a22000007a 4500</leader><controlfield tag="001">11748670</controlfield><controlfield tag="008">850228d18761880ncudn ne      0    0eng  </controlfield><controlfield tag="009">466</controlfield><datafield ind1=" " ind2=" " tag="010"><subfield code="a">sn 85042101 </subfield></datafield><datafield ind1=" " ind2=" " tag="040"><subfield code="a">DLC</subfield><subfield code="b">eng</subfield><subfield code="c">DLC</subfield><subfield code="d">NPX</subfield><subfield code="d">NVJ</subfield><subfield code="d">DLC</subfield><subfield code="d">NVJ</subfield><subfield code="d">OCLCQ</subfield><subfield code="d">OCLCO</subfield><subfield code="d">OCLCF</subfield></datafield><datafield ind1="1" ind2=" " tag="029"><subfield code="a">AU@</subfield><subfield code="b">000026224182</subfield></datafield><datafield ind1=" " ind2=" " tag="042"><subfield code="a">msc</subfield></datafield><datafield ind1=" " ind2=" " tag="043"><subfield code="a">n-us-nc</subfield></datafield><datafield ind1="0" ind2="0" tag="050"><subfield code="a">Newspaper</subfield></datafield><datafield ind1="0" ind2=" " tag="130"><subfield code="a">Raleigh news (Raleigh, N.C. : 1876 : Daily)</subfield></datafield><datafield ind1="1" ind2="4" tag="245"><subfield code="a">The Raleigh news.</subfield></datafield><datafield ind1="1" ind2="3" tag="246"><subfield code="a">Daily news</subfield></datafield><datafield ind1=" " ind2=" " tag="260"><subfield code="a">Raleigh, N.C. :</subfield><subfield code="b">News Pub. Co.</subfield></datafield><datafield ind1=" " ind2=" " tag="300"><subfield code="a">v. ;</subfield><subfield code="c">62 cm.</subfield></datafield><datafield ind1=" " ind2=" " tag="310"><subfield code="a">Daily (except Monday)</subfield></datafield><datafield ind1="0" ind2=" " tag="362"><subfield code="a">Vol. 1, no. 1 (Sept. 1, 1876)-v. 17, no. 157 (Sept. 11, 1880).</subfield></datafield><datafield ind1=" " ind2=" " tag="500"><subfield code="a">Democratic.</subfield></datafield><datafield ind1=" " ind2=" " tag="515"><subfield code="a">Numbering is inconsistent.</subfield></datafield><datafield ind1=" " ind2=" " tag="580"><subfield code="a">Weekly eds.: Weekly news (Raleigh, N.C), 1876; and: Raleigh news (Raleigh, N.C. : 1877 : Weekly), 1877-1878; and: Raleigh weekly news (Raleigh, N.C. : 1878 : Weekly), &lt;1878&gt;-1880.</subfield></datafield><datafield ind1=" " ind2="0" tag="651"><subfield code="a">Raleigh (N.C.)</subfield><subfield code="v">Newspapers.</subfield></datafield><datafield ind1=" " ind2="0" tag="651"><subfield code="a">Wake County (N.C.)</subfield><subfield code="v">Newspapers.</subfield></datafield><datafield ind1=" " ind2="7" tag="655"><subfield code="a">Newspapers.</subfield><subfield code="2">fast</subfield><subfield code="0">(OCoLC)fst01423814</subfield></datafield><datafield ind1=" " ind2="7" tag="651"><subfield code="a">North Carolina</subfield><subfield code="z">Raleigh.</subfield><subfield code="2">fast</subfield><subfield code="0">(OCoLC)fst01206341</subfield></datafield><datafield ind1=" " ind2="7" tag="651"><subfield code="a">North Carolina</subfield><subfield code="z">Wake County.</subfield><subfield code="2">fast</subfield><subfield code="0">(OCoLC)fst01204274</subfield></datafield><datafield ind1=" " ind2=" " tag="752"><subfield code="a">United States</subfield><subfield code="b">North Carolina</subfield><subfield code="c">Wake</subfield><subfield code="d">Raleigh.</subfield></datafield><datafield ind1="1" ind2=" " tag="775"><subfield code="t">Weekly news (Raleigh, N.C.)</subfield><subfield code="w">(DLC)sn 84026558</subfield></datafield><datafield ind1="1" ind2=" " tag="775"><subfield code="t">Raleigh news (Raleigh, N.C. : 1877 : Weekly)</subfield><subfield code="w">(DLC)sn 92072970</subfield></datafield><datafield ind1="1" ind2=" " tag="775"><subfield code="t">Raleigh weekly news (Raleigh, N.C. : 1878 : Weekly)</subfield><subfield code="w">(DLC)sn 92072971</subfield></datafield><datafield ind1="0" ind2="0" tag="780"><subfield code="t">Daily news (Raleigh, N.C.)</subfield><subfield code="w">(DLC)sn 84026559</subfield></datafield><datafield ind1="0" ind2="7" tag="785"><subfield code="t">Observer (Raleigh, N.C. : 1876 : Daily)</subfield><subfield code="w">(DLC)sn 85042102</subfield></datafield><datafield ind1="0" ind2="7" tag="785"><subfield code="t">News and observer (Raleigh, N.C. : 1880 : Daily)</subfield><subfield code="w">(DLC)sn 84024516</subfield></datafield></record>